@article{kontopoulos2020adaptive,
  title={Adaptive evolution shapes the present-day distribution of the thermal sensitivity of population growth rate},
  author={Kontopoulos, Dimitrios—Georgios and Smith, Thomas P and Barraclough, Timothy G and Pawar, Samraat},
  journal={PLoS biology},
  volume={18},
  number={10},
  pages={e3000894},
  year={2020},
  publisher={Public Library of Science San Francisco, CA USA}
}

@article{kontopoulos2018use,
  title={Use and misuse of temperature normalisation in meta-analyses of thermal responses of biological traits},
  author={Kontopoulos, Dimitrios-Georgios and Garc{\'\i}a-Carreras, Bernardo and Sal, Sof{\'\i}a and Smith, Thomas P and Pawar, Samraat},
  journal={PeerJ},
  volume={6},
  pages={e4363},
  year={2018},
  publisher={PeerJ Inc.}
}

@article{kontopoulos2020phytoplankton,
  title={Phytoplankton thermal responses adapt in the absence of hard thermodynamic constraints},
  author={Kontopoulos, Dimitrios-Georgios and van Sebille, Erik and Lange, Michael and Yvon-Durocher, Gabriel and Barraclough, Timothy G and Pawar, Samraat},
  journal={Evolution},
  volume={74},
  number={4},
  pages={775--790},
  year={2020},
  publisher={Wiley Online Library}
}

@article{hinchliff2015synthesis,
  title={Synthesis of phylogeny and taxonomy into a comprehensive tree of life},
  author={Hinchliff, Cody E and Smith, Stephen A and Allman, James F and Burleigh, J Gordon and Chaudhary, Ruchi and Coghill, Lyndon M and Crandall, Keith A and Deng, Jiabin and Drew, Bryan T and Gazis, Romina and others},
  journal={Proceedings of the National Academy of Sciences},
  volume={112},
  number={41},
  pages={12764--12769},
  year={2015},
  publisher={National Acad Sciences}
}

@article{michonneau2016rotl,
  title={rotl: an R package to interact with the Open Tree of Life data},
  author={Michonneau, Fran{\c{c}}ois and Brown, Joseph W and Winter, David J},
  journal={Methods in Ecology and Evolution},
  volume={7},
  number={12},
  pages={1476--1481},
  year={2016},
  publisher={Wiley Online Library}
}

@article{smith2012treepl,
  title={treePL: divergence time estimation using penalized likelihood for large phylogenies},
  author={Smith, Stephen A and O’Meara, Brian C},
  journal={Bioinformatics},
  volume={28},
  number={20},
  pages={2689--2690},
  year={2012},
  publisher={Oxford University Press}
}

@article{molina2017revisiting,
  title={Revisiting phylogenetic signal; strong or negligible impacts of polytomies and branch length information?},
  author={Molina-Venegas, Rafael and Rodr{\'\i}guez, Miguel {\'A}},
  journal={BMC evolutionary biology},
  volume={17},
  number={1},
  pages={1--10},
  year={2017},
  publisher={Springer}
}

@article{pagel1999inferring,
  title={Inferring the historical patterns of biological evolution},
  author={Pagel, Mark},
  journal={Nature},
  volume={401},
  number={6756},
  pages={877--884},
  year={1999},
  publisher={Nature Publishing Group}
}

@article{simaika2018insect,
  title={Insect conservation psychology},
  author={Simaika, John P and Samways, Michael J},
  journal={Journal of Insect Conservation},
  volume={22},
  number={3},
  pages={635--642},
  year={2018},
  publisher={Springer}
}

@misc{donaldson2016taxonomic,
  title={Taxonomic bias and international biodiversity conservation research},
  author={Donaldson, Michael R and Burnett, Nicholas J and Braun, Douglas C and Suski, Cory D and Hinch, Scott G and Cooke, Steven J and Kerr, Jeremy T},
  journal={Facets},
  volume={1},
  number={1},
  pages={105--113},
  year={2016},
  publisher={Canadian Science Publishing 65 Auriga Drive, Suite 203, Ottawa, ON K2E 7W6}
}

@article{sanchez2019worldwide,
  title={Worldwide decline of the entomofauna: A review of its drivers},
  author={S{\'a}nchez-Bayo, Francisco and Wyckhuys, Kris AG},
  journal={Biological conservation},
  volume={232},
  pages={8--27},
  year={2019},
  publisher={Elsevier}
}

@article{sanchez2021indirect,
  title={Indirect effect of pesticides on insects and other arthropods},
  author={S{\'a}nchez-Bayo, Francisco},
  journal={Toxics},
  volume={9},
  number={8},
  pages={177},
  year={2021},
  publisher={MDPI}
}

@article{baillie2012spineless,
  title={Spineless: status and trends of the world's invertebrates},
  author={Baillie, Jonathan and B{\"o}hm, Monika and Collen, Ben and Kemp, Rachael},
  year={2012},
  publisher={IUCN: International Union for Conservation of Nature}
}

@book{doi/10.2779/27353,
author = {European Commission and Directorate-General for Environment and Silva, J and Eldridge, J and Jones, W and Thévignot, C and O'Hara, E and Thorpe, E and Toland, J},
title = {LIFE and invertebrate conservation},
publisher = {Publications Office},
year = {2012},
doi = {doi/10.2779/27353}}

@article{borrell2012one,
  title={One-fifth of invertebrate species at risk of extinction},
  author={Borrell, Brendan},
  journal={Nat. News},
  volume={489},
  pages={324--325},
  year={2012}
}

@article{prather2013invertebrates,
  title={Invertebrates, ecosystem services and climate change},
  author={Prather, Chelse M and Pelini, Shannon L and Laws, Angela and Rivest, Emily and Woltz, Megan and Bloch, Christopher P and Del Toro, Israel and Ho, Chuan-Kai and Kominoski, John and Newbold, TA Scott and others},
  journal={Biological Reviews},
  volume={88},
  number={2},
  pages={327--348},
  year={2013},
  publisher={Wiley Online Library}
}

@article{karam2020conservation,
  title={Conservation of terrestrial invertebrates: a review of IUCN and regional Red Lists for Myriapoda},
  author={Karam-Gemael, Manoela and Decker, Peter and Stoev, Pavel and Marques, Marinez I and Chagas Jr, Amazonas},
  journal={ZooKeys},
  volume={930},
  pages={221},
  year={2020},
  publisher={Pensoft Publishers}
}

@article{
doi:10.1073/pnas.2002543117,
author = {Christopher A. Halsch  and Arthur M. Shapiro  and James A. Fordyce  and Chris C. Nice  and James H. Thorne  and David P. Waetjen  and Matthew L. Forister },
title = {Insects and recent climate change},
journal = {Proceedings of the National Academy of Sciences},
volume = {118},
number = {2},
pages = {e2002543117},
year = {2021},
doi = {10.1073/pnas.2002543117},
URL = {https://www.pnas.org/doi/abs/10.1073/pnas.2002543117},
eprint = {https://www.pnas.org/doi/pdf/10.1073/pnas.2002543117}
} 

@article{schulte2015effects,
  title={The effects of temperature on aerobic metabolism: towards a mechanistic understanding of the responses of ectotherms to a changing environment},
  author={Schulte, Patricia M},
  journal={The Journal of experimental biology},
  volume={218},
  number={12},
  pages={1856--1866},
  year={2015},
  publisher={The Company of Biologists}
}

@article{diaz2019summary,
  title={Summary for policymakers of the global assessment report on biodiversity and ecosystem services of the Intergovernmental Science-Policy Platform on Biodiversity and Ecosystem Services},
  author={Diaz, Sandra and Settele, Josef and Brond{\'\i}zio, Eduardo S and Ngo, Hien T and Gu{\`e}ze, Maximilien and Agard, John and Arneth, Almut and Balvanera, Patricia and Brauman, Kate and Butchart, Stuart H and others},
  journal={Intergovernmental Science-Policy Platform on Biodiversity and Ecosystem Services},
  year={2019}
}

@article{tollefson2020hot,
  title={How hot will Earth get by 2100?},
  author={Tollefson, Jeff},
  journal={Nature},
  volume={580},
  number={7804},
  pages={443--446},
  year={2020},
  publisher={Nature Publishing Group}
}

@article{smith2019community,
  title={Community-level respiration of prokaryotic microbes may rise with global warming},
  author={Smith, Thomas P and Thomas, Thomas JH and Garc{\'\i}a-Carreras, Bernardo and Sal, Sof{\'\i}a and Yvon-Durocher, Gabriel and Bell, Thomas and Pawar, Samr{\=a}t},
  journal={Nature communications},
  volume={10},
  number={1},
  pages={1--11},
  year={2019},
  publisher={Nature Publishing Group}
}

@article{watts20212020,
  title={The 2020 report of the Lancet Countdown on health and climate change: responding to converging crises},
  author={Watts, Nick and Amann, Markus and Arnell, Nigel and Ayeb-Karlsson, Sonja and Beagley, Jessica and Belesova, Kristine and Boykoff, Maxwell and Byass, Peter and Cai, Wenjia and Campbell-Lendrum, Diarmid and others},
  journal={The Lancet},
  volume={397},
  number={10269},
  pages={129--170},
  year={2021},
  publisher={Elsevier}
}

@article{knies2009hotter,
  title={Hotter is better and broader: thermal sensitivity of fitness in a population of bacteriophages},
  author={Knies, Jennifer L and Kingsolver, Joel G and Burch, Christina L},
  journal={The American Naturalist},
  volume={173},
  number={4},
  pages={419--430},
  year={2009},
  publisher={The University of Chicago Press}
}

@article{frazier2006thermodynamics,
  title={Thermodynamics constrains the evolution of insect population growth rates:“warmer is better”},
  author={Frazier, MR and Huey, Raymond B and Berrigan, David},
  journal={The American Naturalist},
  volume={168},
  number={4},
  pages={512--520},
  year={2006},
  publisher={The University of Chicago Press}
}

@article{angilletta2006estimating,
  title={Estimating and comparing thermal performance curves},
  author={Angilletta Jr, Michael J},
  journal={Journal of Thermal Biology},
  volume={31},
  number={7},
  pages={541--545},
  year={2006},
  publisher={Elsevier}
}

@article{clarke2004there,
  title={Is there a universal temperature dependence of metabolism?},
  author={Clarke, A},
  journal={Functional Ecology},
  volume={18},
  number={2},
  pages={252--256},
  year={2004},
  publisher={JSTOR}
}

@article{white2012information,
  title={An information-theoretic approach to evaluating the size and temperature dependence of metabolic rate},
  author={White, Craig R and Frappell, Peter B and Chown, Steven L},
  journal={Proceedings of the Royal Society B: Biological Sciences},
  volume={279},
  number={1742},
  pages={3616--3621},
  year={2012},
  publisher={The Royal Society}
}

@article{munkemuller2012measure,
  title={How to measure and test phylogenetic signal},
  author={M{\"u}nkem{\"u}ller, Tamara and Lavergne, S{\'e}bastien and Bzeznik, Bruno and Dray, St{\'e}phane and Jombart, Thibaut and Schiffers, Katja and Thuiller, Wilfried},
  journal={Methods in Ecology and Evolution},
  volume={3},
  number={4},
  pages={743--756},
  year={2012},
  publisher={Wiley Online Library}
}

@article{pawar2016real,
  title={Real versus artificial variation in the thermal sensitivity of biological traits},
  author={Pawar, Samraat and Dell, Anthony I and Savage, Van M and Knies, Jennifer L},
  journal={The American Naturalist},
  volume={187},
  number={2},
  pages={E41--E52},
  year={2016},
  publisher={University of Chicago Press Chicago, IL}
}

@article{irlich2009insect,
  title={Insect rate-temperature relationships: environmental variation and the metabolic theory of ecology},
  author={Irlich, Ulrike M and Terblanche, John S and Blackburn, Tim M and Chown, Steven L},
  journal={The American Naturalist},
  volume={174},
  number={6},
  pages={819--835},
  year={2009},
  publisher={The University of Chicago Press}
}

@article{gillooly2001effects,
  title={Effects of size and temperature on metabolic rate},
  author={Gillooly, James F and Brown, James H and West, Geoffrey B and Savage, Van M and Charnov, Eric L},
  journal={science},
  volume={293},
  number={5538},
  pages={2248--2251},
  year={2001},
  publisher={American Association for the Advancement of Science}
}

@article{huey2011variation,
  title={Variation in universal temperature dependence of biological rates},
  author={Huey, Raymond B and Kingsolver, Joel G},
  journal={Proceedings of the National Academy of Sciences},
  volume={108},
  number={26},
  pages={10377--10378},
  year={2011},
  publisher={National Acad Sciences}
}

@article{dell2011systematic,
  title={Systematic variation in the temperature dependence of physiological and ecological traits},
  author={Dell, Anthony I and Pawar, Samraat and Savage, Van M},
  journal={Proceedings of the National Academy of Sciences},
  volume={108},
  number={26},
  pages={10591--10596},
  year={2011},
  publisher={National Acad Sciences}
}

@article{blomberg2003testing,
  title={Testing for phylogenetic signal in comparative data: behavioral traits are more labile},
  author={Blomberg, Simon P and Garland Jr, Theodore and Ives, Anthony R},
  journal={Evolution},
  volume={57},
  number={4},
  pages={717--745},
  year={2003},
  publisher={Wiley Online Library}
}

@article{eastman2013congruification,
  title={Congruification: support for time scaling large phylogenetic trees},
  author={Eastman, Jonathan M and Harmon, Luke J and Tank, David C},
  journal={Methods in Ecology and Evolution},
  volume={4},
  number={7},
  pages={688--691},
  year={2013},
  publisher={Wiley Online Library}
  }
  
@dataset{samraat_pawar_2016_57356,
  title={VecTraits Template and Supporting files},
  author={Samraat Pawar},
  month={jul},
  year={2016},
  publisher={Zenodo},
  doi={10.5281/zenodo.57356},
  url={https://doi.org/10.5281/zenodo.57356}
}

@article{SHAPIRO1965,
  doi = {10.1093/biomet/52.3-4.591},
  url = {https://doi.org/10.1093/biomet/52.3-4.591},
  year  = {1965},
  month = {dec},
  publisher = {Oxford University Press ({OUP})},
  volume = {52},
  number = {3-4},
  pages = {591--611},
  author = {S. S. SHAPIRO and M. B. WILK},
  title = {An analysis of variance test for normality (complete samples)},
  journal = {Biometrika}
}